@BOOK{mankiw:2018,
	title = {Principles of Economics},
	publisher = {Cengage Learning},
	author = {Mankiw, Gregory N.},
	year = {2018},
	edition = {8th},
}

@incollection{ftiti2008inflation,
	title={The inflation Targeting effect on the inflation series: ANew Analysis Approach of evolutionary spectral analysis},
	author={Ftiti, Zied and Essaadi, Essahbi and others},
	booktitle={GATE Working Paper Number 08--32},
	year={2008}
}

@article{collier2004greed,
  title={Greed and grievance in civil war},
  author={Collier, Paul and Hoeffler, Anke},
  journal={Oxford Economic Papers},
  volume={56},
  number={4},
  pages={563--595},
  year={2004},
  publisher={Oxford University Press}
}

@article{moser2007forecasting,
	title={Forecasting austrian inflation},
	author={Moser, Gabriel and Rumler, Fabio and Scharler, Johann},
	journal={Economic Modelling},
	volume={24},
	number={3},
	pages={470--480},
	year={2007},
	publisher={Elsevier}
}

@article{baciu2015stochastic,
	title={Stochastic models for forecasting inflation rate. Empirical evidence from Romania},
	author={Baciu, Ionut-Cristian},
	journal={Procedia Economics and Finance},
	volume={20},
	pages={44--52},
	year={2015},
	publisher={Elsevier}
}


@book{hamilton2020time,
	title={Time series analysis},
	author={Hamilton, James Douglas},
	year={2020},
	publisher={Princeton university press}
}




@incollection{iacobucci2005spectral,
	title={Spectral analysis for economic time series},
	author={Iacobucci, Alessandra},
	booktitle={New Tools of Economic Dynamics},
	pages={203--219},
	year={2005},
	publisher={Springer}
}

@article{culling1960analytical,
	title={Analytical theory of erosion},
	author={Culling, WEH},
	journal={The Journal of Geology},
	volume={68},
	number={3},
	pages={336--344},
	year={1960},
	publisher={University of Chicago Press}
}

@article{konarasinghe2016circular,
	title={Circular model on forecasting returns of Sri Lankan Share market},
	author={Konarasinghe, WGS and Abeynayake, NR and Gunaratne, LHP},
	journal={International Journal of Novel Research in Physics, Chemistry and Mathematics},
	volume={3},
	number={1},
	pages={49--56},
	year={2016}
}

@article{thomson2016forecasting,
	title={Forecasting the South African business cycle using Fourier analysis},
	author={Thomson, Daniel and Van Vuuren, Gary},
	journal={International Business \& Economics Research Journal (IBER)},
	volume={15},
	number={4},
	pages={175--192},
	year={2016}
}

@article{ekpenyong2014modeling,
	title={Modeling inflation rates using periodogram and Fourier series analysis methods: The Nigerian case},
	author={Ekpenyong, Emmanuel John and Omekara, CO and Ekerete, MP},
	journal={International journal of African and Asian studies},
	volume={4},
	year={2014}
}

@article{de2015quantitative,
	title={Quantitative analysis in economics based on wavelet transform: a new approach},
	author={de Melo, Fernando and Maslennikov, Valery V and Popova, Elena V and Bezrukova, Tatyana L and Kyksova, Irina V},
	journal={Asian Social Science},
	volume={11},
	number={20},
	pages={66},
	year={2015},
	publisher={Canadian Center of Science and Education}
}

@article{sella2010economic,
	title={Economic cycles and their synchronization: Spectral analysis of macroeconomic series from Italy, The Netherlands, and the UK},
	author={Sella, Lisa and Vivaldo, Gianna and Ghil, Michael and Groth, Andreas},
	journal={EGUGA},
	pages={11847},
	year={2010}
}

@article{fisher1929tests,
	title={Tests of significance in harmonic analysis},
	author={Fisher, Ronald Aylmer},
	journal={Proceedings of the Royal Society of London. Series A, Containing Papers of a Mathematical and Physical Character},
	volume={125},
	number={796},
	pages={54--59},
	year={1929},
	publisher={The Royal Society London}
}

@article{russel1985significance,
	title={Significance tables for the results of Fast Fourier Transforms},
	author={Russel, R},
	journal={Br J Math Stat Psychol},
	volume={38},
	pages={116--119},
	year={1985}
}

@book{armstrong2001principles,
	title={Principles of forecasting: a handbook for researchers and practitioners},
	author={Armstrong, Jon Scott},
	volume={30},
	year={2001},
	publisher={Springer Science \& Business Media}
}

@article{box1976time,
	title={Time series analysis: Forecasting and control San Francisco},
	author={Box, George EP and Jenkins, Gwilym M},
	journal={Calif: Holden-Day},
	year={1976}
}

@article{weisstein2004fourier,
	title={Fourier transform},
	author={Weisstein, Eric W},
	journal={https://mathworld. wolfram. com/},
	year={2004},
	publisher={Wolfram Research, Inc.}
}